@inproceedings{Heafield-estimate,
  author = {Kenneth Heafield and Ivan Pouzyrevsky and Jonathan H. Clark and Philipp Koehn},
  title = {Scalable Modified {Kneser-Ney} Language Model Estimation},
  year = {2013},
  month = {August},
  booktitle = {Proceedings of the 51st Annual Meeting of the Association for Computational Linguistics},
  address = {Sofia, Bulgaria},
  pages = {690--696},
  url = {https://kheafield.com/papers/edinburgh/estimate\_paper.pdf},
}
@inproceedings{Heafield-kenlm,
  author = {Kenneth Heafield},
  title = {{KenLM:} Faster and Smaller Language Model Queries},
  year = {2011},
  month = {July},
  booktitle = {Proceedings of the {EMNLP} 2011 Sixth Workshop on Statistical Machine Translation},
  address = {Edinburgh, Scotland, United Kingdom},
  pages = {187--197},
  url = {https://kheafield.com/papers/avenue/kenlm.pdf},
}
@article{bengio2003neural,
  title={A neural probabilistic language model},
  author={Bengio, Yoshua and Ducharme, R{\'e}jean and Vincent, Pascal and Jauvin, Christian},
  journal={Journal of machine learning research},
  volume={3},
  number={Feb},
  pages={1137--1155},
  year={2003}
}
@article{DBLP:journals/corr/LeeLZ17,
  author    = {Kenton Lee and
               Omer Levy and
               Luke Zettlemoyer},
  title     = {Recurrent Additive Networks},
  journal   = {CoRR},
  volume    = {abs/1705.07393},
  year      = {2017},
  url       = {http://arxiv.org/abs/1705.07393},
  archivePrefix = {arXiv},
  eprint    = {1705.07393},
  timestamp = {Wed, 07 Jun 2017 14:41:28 +0200},
  biburl    = {http://dblp.org/rec/bib/journals/corr/LeeLZ17},
  bibsource = {dblp computer science bibliography, http://dblp.org}
}
